@misc{whitehead_2019, title={3 Things You Need To Know About An October Job Search}, url={https://www.forbes.com/sites/kourtneywhitehead/2019/10/01/3-things-you-need-to-know-about-an-october-job-search/#56f413911f9f}, journal={Forbes}, publisher={Forbes Magazine}, author={Whitehead, Kourtney}, year={2019}, month={Oct}}
@Book{davidlasswell,
    author = {Laswell, David},
    publisher = {Xlibris Corporation},
    title = {A Guide for a Job Search and Movng Up},
    year = {2006},
  }
  
  
@Book{pwcreport,
    author = {{PricewaterhouseCoopers (PwC)}},
    title = {Big City Analytics: Identifying Sydney's economic, employment, and population Centres of Gravity},
    publisher = {PricewaterhouseCoopers},
    year = {2015},
    url = {https://www.pwc.com.au/consulting/assets/publications/big-city-analytics-apr15.pdf},
  }
@book{aigroup,
title={Casual work and part-time work in Australia in 2018},
url={https://cdn.aigroup.com.au/Economic_Indicators/Research_Notes/2018/Ai_Group_casual_work_June_2018.pdf},
publisher={AI Group},
author={Toth, Julie and Richardson, David and Dowling, Colleen and Bridger, Andrew and Knox, Molly},
year={2018},
pages={3-6}
}

@misc{welcome,
title={LMIP data portal}, 
url={https://lmip.gov.au/default.aspx?LMIP/GainInsights/IndustryInformation}, 
journal={Welcome to the Labour Market Information Portal}}

@misc{DePietro ,
author = {DePietro, Andrew},
title = {Living Is Surging In These Major Cities And What It Could Mean For 2018},
year = {2017},
url = {https://www.forbes.com/sites/andrewdepietro/2017/12/28/cost-of-living-is-surging-in-these-major-cities-and-what-it-could-mean-for-2018/#3dd0282271c6},
}
@misc{norman, 
title={Australians landed almost 1 million new jobs in five years — so what kind of jobs are they and is that a big deal?}, 
url={https://www.abc.net.au/news/2018-04-16/australia-on-track-1-million-new-jobs-since-2013-where-are-they/9597470?nw=0}, 
journal={ABC News}, 
author={Norman, Jane}, 
year={2018}, 
month={4}
}

@misc{burgess_2018, title={The tradies in demand across Australia}, url={https://www.news-mail.com.au/news/seek-reveals-massive-job-growth-for-these-tradespe/3576318/}, journal={News Mail}, publisher={News Mail}, author={Burgess, Melanie}, year={2018}, month={11}}


@misc{Weinstein ,
author = {Weinstein, David E.},
title = {Are big cities always more expensive?},
year = {2014},
url = {https://www.weforum.org/agenda/2014/11/are-big-cities-always-more-expensive/},
}
@Manual{Rbookdown,
 title = {bookdown: Authoring Books and Technical Documents with R Markdown},
 author = {Yihui Xie},
 year = {2020},
 note = {R package version 0.18},
 url = {https://github.com/rstudio/bookdown},
}

@Book{Rggplot2,
    author = {Hadley Wickham},
    title = {ggplot2: Elegant Graphics for Data Analysis},
    publisher = {Springer-Verlag New York},
    year = {2016},
    isbn = {978-3-319-24277-4},
    url = {https://ggplot2.tidyverse.org},
}

@Article{Rtidyverse,
    title = {Welcome to the {tidyverse}},
    author = {Hadley Wickham and Mara Averick and Jennifer Bryan and Winston Chang and Lucy D'Agostino McGowan and Romain François and Garrett Grolemund and Alex Hayes and Lionel Henry and Jim Hester and Max Kuhn and Thomas Lin Pedersen and Evan Miller and Stephan Milton Bache and Kirill Müller and Jeroen Ooms and David Robinson and Dana Paige Seidel and Vitalie Spinu and Kohske Takahashi and Davis Vaughan and Claus Wilke and Kara Woo and Hiroaki Yutani},
    year = {2019},
    journal = {Journal of Open Source Software},
    volume = {4},
    number = {43},
    pages = {1686},
    doi = {10.21105/joss.01686},
}

@Manual{Rglue,
    title = {glue: Interpreted String Literals},
    author = {Jim Hester},
    year = {2020},
    note = {R package version 1.4.1},
    url = {https://CRAN.R-project.org/package=glue},
}

@misc{simplemaps_2019, 
    title={Australia Cities Database}, 
    url={https://simplemaps.com/data/au-cities}, 
    journal={simplemaps}, 
    year={2019}, 
    month={12}
}
 
  @misc{emswiler_2016, 
    title={This Is the Bleakest Time of Year For Job Hunting}, 
    url={https://www.popsugar.com.au/smart-living/What-Best-Time-Year-Apply-Jobs-42671369}, 
    journal={POPSUGAR Australia Smart Living}, 
    author={Emswiler, Kate}, 
    year={2016}, 
    month={11}
}